
@Article{Redman:quality_disaster,
  author        = "T. Redman",
  title         = "Data: An unfolding quality disaster",
  journal       = "Information Management Magazine",
  month         = aug,
  year          = "2004",
}
@Article{English:cost_of_low_qual,
  author        = "L. English",
  title         = "The high costs of low-quality data",
  journal       = "Information Management Magazine",
  month         = jan,
  year          = "1998",
}